@ARTICLE{2011JChPh.134h1102T,
       author = {{Toxvaerd}, S{\o}ren and {Dyre}, Jeppe C.},
        title = "{Communication: Shifted forces in molecular dynamics}",
      journal = {\jcp},
     keywords = {Lennard-Jones potential, molecular dynamics method, 34.20.Cf, Interatomic potentials and forces, Condensed Matter - Soft Condensed Matter, Condensed Matter - Statistical Mechanics},
         year = {2011},
        month = {2},
       volume = {134},
       number = {8},
        pages = {081102-081102},
          doi = {10.1063/1.3558787},
archivePrefix = {arXiv},
       eprint = {1012.1116},
 primaryClass = {cond-mat.soft},
       adsurl = {https://ui.adsabs.harvard.edu/abs/2011JChPh.134h1102T},
      adsnote = {Provided by the SAO/NASA Astrophysics Data System}
}

@article{verlet1967computer,
  title={Computer "experiments" on classical fluids. I. Thermodynamical properties of Lennard-Jones molecules},
  author={Verlet, Loup},
  journal={Physical review},
  volume={159},
  number={1},
  pages={98},
  year={1967},
  publisher={APS}
}

@ARTICLE{1924RSPSA.106..463J,
   author = {{Jones}, J.~E.},
    title = "{On the Determination of Molecular Fields. II. From the Equation of State of a Gas}",
  journal = {Proceedings of the Royal Society of London Series A},
     year = 1924,
    month = oct,
   volume = 106,
    pages = {463-477},
      doi = {10.1098/rspa.1924.0082},
   adsurl = {http://adsabs.harvard.edu/abs/1924RSPSA.106..463J},
  adsnote = {Provided by the SAO/NASA Astrophysics Data System}
}

@book{thornton2012modern,
  title={Modern physics for scientists and engineers},
  author={Thornton, Stephen T. and Rex, Andrew},
  year={2012},
  publisher={Cengage Learning}
}

@MISC{github,
  author = {P치l Bal치zs},
  title = {ELTE Computer Simulations 2019 --- GitHub},
  year = {2019},
  url = {https://github.com/masterdesky/ELTE_Comp_Simulations_2019},
  note = {[Online; opened at March 23, 2019]}
}

@book{press2007numerical,
  title={Numerical recipes 3rd edition: The art of scientific computing},
  author={Press, William H and Teukolsky, Saul A and Vetterling, William T and Flannery, Brian P},
  year={2007},
  publisher={Cambridge university press}
}

@MISC{fluct,
  author = {Igor Vilfan},
  title = {Lecture Notes in Statistical Mechanics -- Foundations},
  year = {2000},
  url = {http://www-f1.ijs.si/~vilfan/SM/ln1.pdf},
  note = {[Online; opened at March 26, 2019]}
}

@MISC{yt,
  author = {},
  title = {P치l Bal치zs's Channel --- YouTube},
  year = {2019},
  url = {https://www.youtube.com/channel/UCBDSB7PdQ3E9l9WSBsTy7cQ},
  note = {[Online; opened at March 23, 2019]}
}
