@article{3Dtrajectory,
author = {Vaquero, Mar and Howell, Kathleen},
year = {2012},
month = {01},
pages = {469-488},
title = {Design of transfers trajectories between resonant orbits in the restricted problem with application to the Earth-Moon system},
volume = {145}
}

@article{krasinsky2002hidden,
  title={Hidden mass in the asteroid belt},
  author={Krasinsky, George A and Pitjeva, Elena V and Vasilyev, Mikhail V and Yagudina, EI},
  journal={Icarus},
  volume={158},
  number={1},
  pages={98--105},
  year={2002},
  publisher={Elsevier}
}

@MISC{github,
  author = {Pál Balázs},
  title = {ELTE Computer Simulations 2020 --- GitHub},
  year = {2019},
  url = {https://github.com/masterdesky/ELTE_Comp_Simulations_2020},
  note = {[Online; opened at October 25, 2019]}
}